@article{hierholzer,
    author = "Carl Hierholzer",
    title  = "{Über die Möglichkeit, einen Linienzug ohne Wiederholung und ohne Unterbrechung zu umfahren}. ({German})",
    year   = "1873"
}
    
